<record><leader>00000cas a2200000 a 4500</leader><controlfield tag="001">12320642</controlfield><controlfield tag="008">850729d1880188ualucr ne      0    0eng d</controlfield><datafield ind1=" " ind2=" " tag="010"><subfield code="a">sn 87050134 </subfield></datafield><datafield ind1=" " ind2=" " tag="040"><subfield code="a">ABJ</subfield><subfield code="b">eng</subfield><subfield code="c">ABJ</subfield><subfield code="d">CPN</subfield><subfield code="d">OCL</subfield><subfield code="d">OCLCQ</subfield></datafield><datafield ind1=" " ind2=" " tag="042"><subfield code="a">msc</subfield></datafield><datafield ind1="0" ind2=" " tag="130"><subfield code="a">Voice (Greenville, Ala.)</subfield></datafield><datafield ind1="1" ind2="4" tag="245"><subfield code="a">The Voice.</subfield></datafield><datafield ind1=" " ind2=" " tag="260"><subfield code="a">Greenville, Ala. :</subfield><subfield code="b">[s.n.]</subfield></datafield><datafield ind1=" " ind2=" " tag="300"><subfield code="a">v. :</subfield><subfield code="b">ill.</subfield></datafield><datafield ind1=" " ind2=" " tag="310"><subfield code="a">Semiweekly</subfield></datafield><datafield ind1="1" ind2=" " tag="362"><subfield code="a">Began in 1880.</subfield><subfield code="z">Cf. Ellison, R.C. Hist. and Bibl. of Ala. Newspapers in the 19th Cent.</subfield></datafield><datafield ind1=" " ind2=" " tag="500"><subfield code="a">Pub. to support J.C. Richardson for Probate Judge in opposition to John L. Powell.</subfield></datafield><datafield ind1=" " ind2=" " tag="588"><subfield code="a">Description based on: July 14, 1880.</subfield></datafield><datafield ind1=" " ind2=" " tag="752"><subfield code="a">United States</subfield><subfield code="b">Alabama</subfield><subfield code="c">Butler</subfield><subfield code="d">Greenville.</subfield></datafield></record>